%YAML 1.1
%TAG !u! tag:unity3d.com,2011:
--- !u!1 &2540626645295775270
GameObject:
  m_ObjectHideFlags: 0
  m_CorrespondingSourceObject: {fileID: 0}
  m_PrefabInstance: {fileID: 0}
  m_PrefabAsset: {fileID: 0}
  serializedVersion: 6
  m_Component:
  - component: {fileID: 2540626645295312220}
  - component: {fileID: 2540626645286380972}
  - component: {fileID: 2540626645298782740}
  - component: {fileID: 2540626645290507358}
  - component: {fileID: 2540626645276263394}
  - component: {fileID: 2540626645284518272}
  - component: {fileID: 2540626645284303624}
  - component: {fileID: 2540626645295775269}
  - component: {fileID: 3700640983529523338}
  - component: {fileID: 4762876443170176739}
  m_Layer: 0
  m_Name: ZombieController
  m_TagString: Zombie
  m_Icon: {fileID: 0}
  m_NavMeshLayer: 0
  m_StaticEditorFlags: 0
  m_IsActive: 1
--- !u!4 &2540626645295312220
Transform:
  m_ObjectHideFlags: 0
  m_CorrespondingSourceObject: {fileID: 0}
  m_PrefabInstance: {fileID: 0}
  m_PrefabAsset: {fileID: 0}
  m_GameObject: {fileID: 2540626645295775270}
  m_LocalRotation: {x: 0, y: 0, z: 0, w: 1}
  m_LocalPosition: {x: -13.62, y: 0.8, z: -8.89}
  m_LocalScale: {x: 1, y: 1, z: 1}
  m_Children:
  - {fileID: 2540626646047735696}
  m_Father: {fileID: 0}
  m_RootOrder: 0
  m_LocalEulerAnglesHint: {x: 0, y: 0, z: 0}
--- !u!95 &2540626645286380972
Animator:
  serializedVersion: 3
  m_ObjectHideFlags: 0
  m_CorrespondingSourceObject: {fileID: 0}
  m_PrefabInstance: {fileID: 0}
  m_PrefabAsset: {fileID: 0}
  m_GameObject: {fileID: 2540626645295775270}
  m_Enabled: 1
  m_Avatar: {fileID: 9000000, guid: 38f0fe3399ab9bc4f94a4ed0068f526a, type: 3}
  m_Controller: {fileID: 9100000, guid: a52fa3113c06c8a4db10c04d2227935c, type: 2}
  m_CullingMode: 1
  m_UpdateMode: 0
  m_ApplyRootMotion: 1
  m_LinearVelocityBlending: 0
  m_WarningMessage: 
  m_HasTransformHierarchy: 1
  m_AllowConstantClipSamplingOptimization: 1
  m_KeepAnimatorControllerStateOnDisable: 0
--- !u!54 &2540626645298782740
Rigidbody:
  m_ObjectHideFlags: 0
  m_CorrespondingSourceObject: {fileID: 0}
  m_PrefabInstance: {fileID: 0}
  m_PrefabAsset: {fileID: 0}
  m_GameObject: {fileID: 2540626645295775270}
  serializedVersion: 2
  m_Mass: 1
  m_Drag: 0
  m_AngularDrag: 0.05
  m_UseGravity: 1
  m_IsKinematic: 0
  m_Interpolate: 0
  m_Constraints: 0
  m_CollisionDetection: 0
--- !u!136 &2540626645290507358
CapsuleCollider:
  m_ObjectHideFlags: 0
  m_CorrespondingSourceObject: {fileID: 0}
  m_PrefabInstance: {fileID: 0}
  m_PrefabAsset: {fileID: 0}
  m_GameObject: {fileID: 2540626645295775270}
  m_Material: {fileID: 13400000, guid: c2815a7ab32e42c4bb42f59caacb8ec1, type: 2}
  m_IsTrigger: 0
  m_Enabled: 1
  m_Radius: 0.3
  m_Height: 1.85
  m_Direction: 1
  m_Center: {x: 0, y: 0.92, z: 0}
--- !u!195 &2540626645276263394
NavMeshAgent:
  m_ObjectHideFlags: 0
  m_CorrespondingSourceObject: {fileID: 0}
  m_PrefabInstance: {fileID: 0}
  m_PrefabAsset: {fileID: 0}
  m_GameObject: {fileID: 2540626645295775270}
  m_Enabled: 1
  m_AgentTypeID: 0
  m_Radius: 0.5
  m_Speed: 1
  m_Acceleration: 10
  avoidancePriority: 50
  m_AngularSpeed: 120
  m_StoppingDistance: 0.2
  m_AutoTraverseOffMeshLink: 1
  m_AutoBraking: 1
  m_AutoRepath: 1
  m_Height: 2
  m_BaseOffset: 0
  m_WalkableMask: 4294967295
  m_ObstacleAvoidanceType: 4
--- !u!114 &2540626645284518272
MonoBehaviour:
  m_ObjectHideFlags: 0
  m_CorrespondingSourceObject: {fileID: 0}
  m_PrefabInstance: {fileID: 0}
  m_PrefabAsset: {fileID: 0}
  m_GameObject: {fileID: 2540626645295775270}
  m_Enabled: 1
  m_EditorHideFlags: 0
  m_Script: {fileID: 11500000, guid: 8c5335f0882fe4d478883cc8c58ce906, type: 3}
  m_Name: 
  m_EditorClassIdentifier: 
  target: {fileID: 0}
--- !u!114 &2540626645284303624
MonoBehaviour:
  m_ObjectHideFlags: 0
  m_CorrespondingSourceObject: {fileID: 0}
  m_PrefabInstance: {fileID: 0}
  m_PrefabAsset: {fileID: 0}
  m_GameObject: {fileID: 2540626645295775270}
  m_Enabled: 1
  m_EditorHideFlags: 0
  m_Script: {fileID: 11500000, guid: ce7a80d520cacc042b5fe14f373d8173, type: 3}
  m_Name: 
  m_EditorClassIdentifier: 
  m_MovingTurnSpeed: 360
  m_StationaryTurnSpeed: 180
  m_JumpPower: 6
  m_GravityMultiplier: 2
  m_RunCycleLegOffset: 0.2
  m_MoveSpeedMultiplier: 1
  m_AnimSpeedMultiplier: 1
  m_GroundCheckDistance: 0.2
--- !u!114 &2540626645295775269
MonoBehaviour:
  m_ObjectHideFlags: 0
  m_CorrespondingSourceObject: {fileID: 0}
  m_PrefabInstance: {fileID: 0}
  m_PrefabAsset: {fileID: 0}
  m_GameObject: {fileID: 2540626645295775270}
  m_Enabled: 1
  m_EditorHideFlags: 0
  m_Script: {fileID: 11500000, guid: 6ad30e151d78eb64196041822a80370d, type: 3}
  m_Name: 
  m_EditorClassIdentifier: 
--- !u!82 &3700640983529523338
AudioSource:
  m_ObjectHideFlags: 0
  m_CorrespondingSourceObject: {fileID: 0}
  m_PrefabInstance: {fileID: 0}
  m_PrefabAsset: {fileID: 0}
  m_GameObject: {fileID: 2540626645295775270}
  m_Enabled: 1
  serializedVersion: 4
  OutputAudioMixerGroup: {fileID: -6565008228106201830, guid: 3e0ac81398de5f34a885725911838928,
    type: 2}
  m_audioClip: {fileID: 0}
  m_PlayOnAwake: 1
  m_Volume: 1
  m_Pitch: 1
  Loop: 0
  Mute: 0
  Spatialize: 0
  SpatializePostEffects: 0
  Priority: 128
  DopplerLevel: 1
  MinDistance: 1
  MaxDistance: 500
  Pan2D: 0
  rolloffMode: 0
  BypassEffects: 0
  BypassListenerEffects: 0
  BypassReverbZones: 0
  rolloffCustomCurve:
    serializedVersion: 2
    m_Curve:
    - serializedVersion: 3
      time: 0
      value: 1
      inSlope: 0
      outSlope: 0
      tangentMode: 0
      weightedMode: 0
      inWeight: 0.33333334
      outWeight: 0.33333334
    - serializedVersion: 3
      time: 1
      value: 0
      inSlope: 0
      outSlope: 0
      tangentMode: 0
      weightedMode: 0
      inWeight: 0.33333334
      outWeight: 0.33333334
    m_PreInfinity: 2
    m_PostInfinity: 2
    m_RotationOrder: 4
  panLevelCustomCurve:
    serializedVersion: 2
    m_Curve:
    - serializedVersion: 3
      time: 0
      value: 1
      inSlope: 0
      outSlope: 0
      tangentMode: 0
      weightedMode: 0
      inWeight: 0.33333334
      outWeight: 0.33333334
    m_PreInfinity: 2
    m_PostInfinity: 2
    m_RotationOrder: 4
  spreadCustomCurve:
    serializedVersion: 2
    m_Curve:
    - serializedVersion: 3
      time: 0
      value: 0
      inSlope: 0
      outSlope: 0
      tangentMode: 0
      weightedMode: 0
      inWeight: 0.33333334
      outWeight: 0.33333334
    m_PreInfinity: 2
    m_PostInfinity: 2
    m_RotationOrder: 4
  reverbZoneMixCustomCurve:
    serializedVersion: 2
    m_Curve:
    - serializedVersion: 3
      time: 0
      value: 1
      inSlope: 0
      outSlope: 0
      tangentMode: 0
      weightedMode: 0
      inWeight: 0.33333334
      outWeight: 0.33333334
    m_PreInfinity: 2
    m_PostInfinity: 2
    m_RotationOrder: 4
--- !u!114 &4762876443170176739
MonoBehaviour:
  m_ObjectHideFlags: 0
  m_CorrespondingSourceObject: {fileID: 0}
  m_PrefabInstance: {fileID: 0}
  m_PrefabAsset: {fileID: 0}
  m_GameObject: {fileID: 2540626645295775270}
  m_Enabled: 1
  m_EditorHideFlags: 0
  m_Script: {fileID: 11500000, guid: cc121053dd8cff644a450860c4b6d2ad, type: 3}
  m_Name: 
  m_EditorClassIdentifier: 
  audioClips:
  - {fileID: 8300000, guid: 918103d669afed24fbc78f808e6d80f2, type: 3}
  - {fileID: 8300000, guid: 5d0f0e6e402b3234187c4af939356259, type: 3}
  - {fileID: 8300000, guid: e1f1b57207854b0418eebd77b8431b3f, type: 3}
  - {fileID: 8300000, guid: 6ab40aa71253c214887855125e3020e1, type: 3}
  - {fileID: 8300000, guid: 16a50e73b3b1aed4b84ebaaf2b8eec7f, type: 3}
  - {fileID: 8300000, guid: 60299dc2edcc2b244870f0614f784a2b, type: 3}
  - {fileID: 8300000, guid: cabb19a90ad78db46bf3afc96de04c7d, type: 3}
  - {fileID: 8300000, guid: 7c2d9ecf50de00f4683c9c8c9413ea15, type: 3}
  - {fileID: 8300000, guid: f0f2492e020b6404090b80da08124c83, type: 3}
  - {fileID: 8300000, guid: d6594775e78742344820ba2bc7fee457, type: 3}
  - {fileID: 8300000, guid: 3417507122557d4449444c22dd1e7a20, type: 3}
  - {fileID: 8300000, guid: fff42c5e3ee730f43a7cac020b3da4cf, type: 3}
  - {fileID: 8300000, guid: 79760c80792659b4a9062781c1dd188c, type: 3}
  - {fileID: 8300000, guid: 1dc1d077149cf1d49bfc3912d4ca569e, type: 3}
  - {fileID: 8300000, guid: 59e3f938c56bde0498810298970d6d51, type: 3}
  - {fileID: 8300000, guid: 1d3747106741dea4ba7350cf7662aee6, type: 3}
  - {fileID: 8300000, guid: e2b3bb7026ebb4d45b4abe6993041e1b, type: 3}
  - {fileID: 8300000, guid: 332d32067441b3b40a35d14e277fdf39, type: 3}
  - {fileID: 8300000, guid: 7a6f4ce4a21708845908d184bea239b0, type: 3}
  - {fileID: 8300000, guid: c7b7beaddfd945d498ff3fd3616e4d45, type: 3}
  - {fileID: 8300000, guid: 07522168f1488104898d2f1fab992c36, type: 3}
  - {fileID: 8300000, guid: 7b50997ab2b87f14486dc4590535b7d6, type: 3}
  - {fileID: 8300000, guid: e259a373ed811084f8d13f4a24fb523f, type: 3}
  - {fileID: 8300000, guid: e0f386e6a4ddbbb48a8118a695961e1b, type: 3}
  audioSource: {fileID: 3700640983529523338}
--- !u!1001 &2540626646048122112
PrefabInstance:
  m_ObjectHideFlags: 0
  serializedVersion: 2
  m_Modification:
    m_TransformParent: {fileID: 2540626645295312220}
    m_Modifications:
    - target: {fileID: 100016, guid: 38f0fe3399ab9bc4f94a4ed0068f526a, type: 3}
      propertyPath: m_Name
      value: zombie_hires
      objectReference: {fileID: 0}
    - target: {fileID: 400016, guid: 38f0fe3399ab9bc4f94a4ed0068f526a, type: 3}
      propertyPath: m_LocalPosition.x
      value: 0
      objectReference: {fileID: 0}
    - target: {fileID: 400016, guid: 38f0fe3399ab9bc4f94a4ed0068f526a, type: 3}
      propertyPath: m_LocalPosition.y
      value: 0
      objectReference: {fileID: 0}
    - target: {fileID: 400016, guid: 38f0fe3399ab9bc4f94a4ed0068f526a, type: 3}
      propertyPath: m_LocalPosition.z
      value: 0
      objectReference: {fileID: 0}
    - target: {fileID: 400016, guid: 38f0fe3399ab9bc4f94a4ed0068f526a, type: 3}
      propertyPath: m_LocalRotation.x
      value: 0
      objectReference: {fileID: 0}
    - target: {fileID: 400016, guid: 38f0fe3399ab9bc4f94a4ed0068f526a, type: 3}
      propertyPath: m_LocalRotation.y
      value: 0
      objectReference: {fileID: 0}
    - target: {fileID: 400016, guid: 38f0fe3399ab9bc4f94a4ed0068f526a, type: 3}
      propertyPath: m_LocalRotation.z
      value: 0
      objectReference: {fileID: 0}
    - target: {fileID: 400016, guid: 38f0fe3399ab9bc4f94a4ed0068f526a, type: 3}
      propertyPath: m_LocalRotation.w
      value: 1
      objectReference: {fileID: 0}
    - target: {fileID: 400016, guid: 38f0fe3399ab9bc4f94a4ed0068f526a, type: 3}
      propertyPath: m_RootOrder
      value: 0
      objectReference: {fileID: 0}
    - target: {fileID: 400016, guid: 38f0fe3399ab9bc4f94a4ed0068f526a, type: 3}
      propertyPath: m_LocalEulerAnglesHint.x
      value: 0
      objectReference: {fileID: 0}
    - target: {fileID: 400016, guid: 38f0fe3399ab9bc4f94a4ed0068f526a, type: 3}
      propertyPath: m_LocalEulerAnglesHint.y
      value: 0
      objectReference: {fileID: 0}
    - target: {fileID: 400016, guid: 38f0fe3399ab9bc4f94a4ed0068f526a, type: 3}
      propertyPath: m_LocalEulerAnglesHint.z
      value: 0
      objectReference: {fileID: 0}
    m_RemovedComponents: []
  m_SourcePrefab: {fileID: 100100000, guid: 38f0fe3399ab9bc4f94a4ed0068f526a, type: 3}
--- !u!4 &2540626646047735696 stripped
Transform:
  m_CorrespondingSourceObject: {fileID: 400016, guid: 38f0fe3399ab9bc4f94a4ed0068f526a,
    type: 3}
  m_PrefabInstance: {fileID: 2540626646048122112}
  m_PrefabAsset: {fileID: 0}
